@misc{treap,
  title = {Treap - Algorithms for Competitive Programming},
  url = {https://cp-algorithms.com/data_structures/treap.html},
  organization = {cp-algorithms.com}
}

@article{gao_2024_revisiting,
  author = {Gao, Chuqing and Shreya Ballijepalli and Wang, Jianguo},
  month = {05},
  pages = {1-25},
  publisher = {Association for Computing Machinery},
  title = {Revisiting B-tree Compression: An Experimental Study},
  doi = {10.1145/3654972},
  urldate = {2024-08-01},
  volume = {2},
  year = {2024},
  journal = {Proceedings of the ACM on Management of Data}
}

@misc{algorithms,
  title = {Algorithms Lecture 15: Scapegoat and Splay Trees [Fa'12]},
  url = {https://courses.grainger.illinois.edu/cs473/fa2012/notes/15-scapegoat-splay.pdf}
}

@misc{prout_2019_the,
  author = {Prout, Adam},
  month = {12},
  title = {The Story Behind SingleStoreâ€™s Skiplist Indexes},
  url = {https://www.singlestore.com/blog/what-is-skiplist-why-skiplist-index-for-memsql/},
  year = {2019},
  organization = {SingleStore}
}

@misc{redis,
  title = {Redis Sorted Sets},
  url = {https://redis.io/glossary/redis-sorted-sets/},
  organization = {Redis}
}

@misc{claudiu_2008_skip,
  author = {Claudiu},
  month = {11},
  title = {Skip List vs. Binary Search Tree},
  url = {https://stackoverflow.com/questions/256511/skip-list-vs-binary-search-tree},
  year = {2008},
  organization = {Stack Overflow}
}

@article{fraser_2007_concurrent,
  author = {Fraser, Keir and Harris, Tim},
  month = {05},
  pages = {5},
  title = {Concurrent programming without locks},
  doi = {10.1145/1233307.1233309},
  url = {https://www.cs.tufts.edu/~nr/cs257/archive/tim-harris/cpwl-submission.pdf},
  urldate = {2022-04-21},
  volume = {25},
  year = {2007},
  journal = {ACM Transactions on Computer Systems}
}

@INPROCEEDINGS{probdist,
  author={Saldanha, Matheus Henrique Junqueira and Suzuki, Adriano Kamimura},
  booktitle={2021 IEEE Symposium on Computers and Communications (ISCC)}, 
  title={Determining the Probability Distribution of Execution Times}, 
  year={2021},
  volume={},
  number={},
  pages={1-6},
  keywords={Computers;Costs;Algorithms;Processor scheduling;Exponential distribution;Stochastic processes;Real-time systems;stochastic scheduling;execution times;cloud computing;real time systems;workflow scheduling},
  doi={10.1109/ISCC53001.2021.9631411}}

@article{btree_ds,
  title={Ubiquitous B-tree},
  author={Comer, Douglas},
  journal={ACM Computing Surveys (CSUR)},
  volume={11},
  number={2},
  pages={121--137},
  year={1979},
  publisher={ACM New York, NY, USA}
}

@article{skiplist_ds,
  title={Skip lists: a probabilistic alternative to balanced trees},
  author={Pugh, William},
  journal={Communications of the ACM},
  volume={33},
  number={6},
  pages={668--676},
  year={1990},
  publisher={ACM New York, NY, USA}
}

@inproceedings{treap_ds,
  title={Fast set operations using treaps},
  author={Blelloch, Guy E and Reid-Miller, Margaret},
  booktitle={Proceedings of the tenth annual ACM symposium on Parallel algorithms and architectures},
  pages={16--26},
  year={1998}
}

@article{splaytree_ds,
  title={Self-adjusting binary search trees},
  author={Sleator, Daniel Dominic and Tarjan, Robert Endre},
  journal={Journal of the ACM (JACM)},
  volume={32},
  number={3},
  pages={652--686},
  year={1985},
  publisher={ACM New York, NY, USA}
}

@inproceedings{scapegoat_ds,
  title={Scapegoat trees},
  author={Galperin, Igal and Rivest, Ronald L},
  booktitle={Proceedings of the fourth annual ACM-SIAM Symposium on Discrete algorithms},
  pages={165--174},
  year={1993}
}

@inproceedings{spst_index,
  title={SPST-Index: A Self-Pruning Splay Tree Index for Caching Database Cracking.},
  author={Holanda, Pedro and de Almeida, Eduardo Cunha},
  booktitle={EDBT},
  pages={458--461},
  year={2017}
}